<record><leader>00000cas a22000007a 4500</leader><controlfield tag="001">26254778</controlfield><controlfield tag="008">920725d19891993ohubr ne      0    0eng d</controlfield><datafield ind1=" " ind2=" " tag="010"><subfield code="a">sn 92037189 </subfield></datafield><datafield ind1=" " ind2=" " tag="040"><subfield code="a">PIT</subfield><subfield code="b">eng</subfield><subfield code="c">PIT</subfield><subfield code="d">NSD</subfield><subfield code="d">OCL</subfield><subfield code="d">OCLCQ</subfield><subfield code="d">OCLCF</subfield><subfield code="d">OCLCO</subfield></datafield><datafield ind1=" " ind2=" " tag="042"><subfield code="a">msc</subfield></datafield><datafield ind1="0" ind2="0" tag="245"><subfield code="a">Africa abroad.</subfield></datafield><datafield ind1=" " ind2=" " tag="250"><subfield code="a">U.S. ed.</subfield></datafield><datafield ind1=" " ind2=" " tag="260"><subfield code="a">Massillon, Ohio :</subfield><subfield code="b">A.A. Pub. Co.</subfield></datafield><datafield ind1=" " ind2=" " tag="300"><subfield code="a">v. :</subfield><subfield code="b">ill. ;</subfield><subfield code="c">44 cm.</subfield></datafield><datafield ind1=" " ind2=" " tag="310"><subfield code="a">Bimonthly</subfield></datafield><datafield ind1="1" ind2=" " tag="362"><subfield code="a">Began in 1989; ceased in 1993.</subfield></datafield><datafield ind1=" " ind2=" " tag="588"><subfield code="a">Description based on: Jan./Feb. 1992.</subfield></datafield><datafield ind1=" " ind2="0" tag="650"><subfield code="a">Africans</subfield><subfield code="v">Newspapers.</subfield></datafield><datafield ind1=" " ind2="0" tag="650"><subfield code="a">African Americans</subfield><subfield code="v">Newspapers.</subfield></datafield><datafield ind1=" " ind2="7" tag="655"><subfield code="a">Newspapers.</subfield><subfield code="2">fast</subfield><subfield code="0">(OCoLC)fst01423814</subfield></datafield><datafield ind1=" " ind2="7" tag="650"><subfield code="a">African Americans.</subfield><subfield code="2">fast</subfield><subfield code="0">(OCoLC)fst00799558</subfield></datafield><datafield ind1=" " ind2="7" tag="650"><subfield code="a">Africans.</subfield><subfield code="2">fast</subfield><subfield code="0">(OCoLC)fst00799938</subfield></datafield><datafield ind1=" " ind2=" " tag="752"><subfield code="a">United States</subfield><subfield code="b">Ohio</subfield><subfield code="c">Stark</subfield><subfield code="d">Massillon.</subfield></datafield><datafield ind1="0" ind2="0" tag="780"><subfield code="t">African continent news</subfield><subfield code="x">1074-0538</subfield><subfield code="w">(DLC)sn 94004668</subfield><subfield code="w">(OCoLC)29603487</subfield></datafield></record>